@book{muster2025,
  author    = {Anna Meier and Thomas Schulz and Peter Beispiel},
  title     = {Einführung in die Wirtschaftsinformatik},
  year      = {2025},
  publisher = {Lorem Ipsum Verlag},
  address   = {München}
}


@online{webseite2025,
  author = {{Beispiel GmbH}},
  title  = {Titel der Webseite},
  year   = {2021},
  url     = {https://example.com},
  urldate = {2025-05-09}
}